<?xml version="1.0" encoding="UTF-8"?><collection xmlns="http://www.loc.gov/MARC21/slim"><record><leader>00529nam--2200181-i-4500</leader><controlfield tag="001">000024620</controlfield><controlfield tag="002">20161230</controlfield><controlfield tag="005">20170222003218</controlfield><controlfield tag="008">060222s1000------------r-----000-0-eng-d</controlfield><datafield ind1=" " ind2=" " tag="020"><subfield code="a">9971500604</subfield></datafield><datafield ind1=" " ind2=" " tag="040"><subfield code="a">IFIN-HH</subfield></datafield><datafield ind1=" " ind2=" " tag="080"><subfield code="a">530.1(061.3)</subfield></datafield><datafield ind1="1" ind2=" " tag="100"><subfield code="a">Cho, Y. M</subfield></datafield><datafield ind1="1" ind2="0" tag="245"><subfield code="a">Group theoretical methods in physics</subfield><subfield code="b">Proceedings of 14th icgtmp 26-30 august 1985 Seoul, Korea</subfield><subfield code="c">Y.M. Cho (ed.)</subfield></datafield><datafield ind1=" " ind2=" " tag="260"><subfield code="a">Singapore</subfield><subfield code="b">World Scientific</subfield><subfield code="c">1986</subfield></datafield><datafield ind1=" " ind2=" " tag="300"><subfield code="a">XIII+667 p</subfield></datafield><datafield ind1=" " ind2=" " tag="852"><subfield code="a">73878</subfield><subfield code="c">519.4/5</subfield></datafield><datafield ind1=" " ind2=" " tag="CAT"><subfield code="a">SYS</subfield><subfield code="c">20170222</subfield><subfield code="h">003218</subfield></datafield></record></collection>